@article{longin2001extreme,
  title={Extreme correlation of international equity markets},
  author={Longin, Francois and Solnik, Bruno},
  journal={The journal of finance},
  volume={56},
  number={2},
  pages={649--676},
  year={2001},
  publisher={Wiley Online Library}
}

@book{pfaff2012financial,
  title={Financial risk modelling and portfolio optimization with R},
  author={Pfaff, Bernhard},
  year={2012},
  publisher={John Wiley \& Sons}
}

@misc{calibrateCIR,
 author = {Remillard, Bruno},
 title = {Estimation of the parameters of the CIR model},
 url = {https://github.com/cran/SMFI5/blob/master/R/est.cir.R},
 lastchecked = {25.07.2016},
 originalyear = {16.05.2013},
 Year = {2013}
}

@book{remillard2013statistical,
  title={Statistical Methods for Financial Engineering},
  author={Remillard, Bruno},
  year={2013},
  publisher={CRC Press}
}

@article{leland1994corporate,
  title={Corporate debt value, bond covenants, and optimal capital structure},
  author={Leland, Hayne E},
  journal={The Journal of Finance},
  volume={49},
  number={4},
  pages={1213--1252},
  year={1994},
  publisher={Wiley Online Library}
}

@inproceedings{serjantov2011hybrid,
  title={On Practical Pricing Hybrid Capital Securities},
  author={Serjantov, Andrei},
  booktitle={Global Derivative Trading ad Risk Management Meeting},
  year={2011}
}

@article{teneberg2012equity,
  title={Pricing Contingent Convertibles using Equity Derivatives Jump Diffusion Approach},
  author={Teneberg, Henrik},
  journal={Master thesis},
  year={2015}
}

@article{cheridito2015pricing,
  title={Pricing and hedging CoCos},
  author={Cheridito, Patrick and Xu, Zhikai},
  journal={Available at SSRN 2201364},
  year={2015}
}

@article{turfus2015cocos,
  title={Analytic Pricing of CoCo Bonds},
  author={Turfus, Colin and Shubert, Alexander},
  journal={Deutsche Bank and J.P. Morgan working paper},
  year={2015}
}

@article{pennacchi2015reexamination,
  title={A Reexamination of Contingent Convertibles with Stock Price Triggers},
  author={Pennacchi, George and Tchistyi, Alexei},
  journal={Available at SSRN 2773335},
  year={2015}
}

@article{albul2015contingent,
  title={Contingent convertible bonds and capital structure decisions},
  author={Albul, Boris and Jaffee, Dwight M and Tchistyi, Alexei},
  journal={Available at SSRN 2772612},
  year={2015}
}

@book{von2011contingent,
  title={Contingent capital to strengthen the private safety net for financial institutions: CoCos to the rescue?},
  author={Von Furstenberg, George M and others},
  year={2011},
  publisher={Dt. Bundesbank, Press and Public Relations Division}
}

@article{barucci2012countercyclical,
  title={Countercyclical contingent capital},
  author={Barucci, Emilio and Del Viva, Luca},
  journal={Journal of Banking and Finance},
  volume={36},
  number={6},
  pages={1688--1709},
  year={2012},
  publisher={Elsevier}
}

@misc{europeanparliament2016,
 author = {{European Parliament}},
 title = {Contingent convertible securities, is a storm brewing?},
 url = {http://www.europarl.europa.eu/RegData/etudes/BRIE/2016/582011/EPRS_BRI(2016)582011_EN.pdf},
 lastchecked = {06.07.2016},
 originalyear = {31.05.2016},
 Year = {2016}
}

@misc{lloyds2009,
 author = {Lloyds},
 title = {Enhanced Capital Notes},
 url = {http://www.lloydsbankinggroup.com/globalassets/documents/investors/2009/non-us_eom.pdf},
 lastchecked = {02.07.2016},
 originalyear = {20.11.2009},
 Year = {2009}
}

@misc{creditsuisse2011,
 author = {{Credit Suisse}},
 title = {USD 2,000,000,000 7.875 per cent. Tier 2 Buffer Capital Notes due 2041},
 url = {https://www.credit-suisse.com/media/assets/corporate/docs/about-us/investor-relations/regulatory-disclosures/t2-xs0595225318.pdf},
 lastchecked = {02.07.2016},
 originalyear = {22.02.2011},
 Year = {2011}
}

@misc{zkv2013,
 author = {{Zurich Cantonal Bank}},
 title = {Nachrangige Tier-1-Anleihe CHF 590 Mio.},
 url = {https://www.zkb.ch/media/dok/corporate/investor-relations/produktinformationsblatt-nachrangige-tier1-anleihe.pdf},
 lastchecked = {02.07.2016},
 originalyear = {31.06.2013},
 Year = {2013}
}

@misc{barclays2010,
 author = {Barclays},
 title = {USD 3,000,000,000 7.625 per cent. Contingent Capital Notes due November 2022 Barclays Bank PLC},
 url = {https://www.home.barclays/content/dam/barclayspublic/docs/InvestorRelations/esma/capital-securities-documentation/tier-2-securities/contingent-tier-2/7625-Contingent-Capital-Notes-due-November-2022-Prospectus-PDF-992KB.pdf},
 lastchecked = {02.07.2016},
 originalyear = {31.08.2010},
 Year = {2010}
}

@misc{bannier2010,
 author = {Bannier, Christina},
 title = {Definition of risk shifting},
 url = {http://lexicon.ft.com/Term?term=risk-shifting},
 lastchecked = {07.07.2016},
 originalyear = {24.11.2011},
 Year = {2011}
}

@misc{rabobank2010,
 author = {Rabobank},
 title = {Rabobank Nederland Cooperatieve Centrale Raiffeisen-Boerenleenbank B.A. EUR 1,250,000,000 6.875 per cent. Senior Contingent Notes due 2020},
 url = {https://www.afm.nl/registers/emissies_documents/4220.pdf},
 lastchecked = {02.07.2016},
 originalyear = {17.03.2010},
 Year = {2010}
}

@article{squam2009expedited,
  title={An expedited resolution mechanism for distressed financial firms: Regulatory hybrid securities},
  author={{Squam Lake Working Group}},
  journal={Council on Foreign Relations},
  volume={10},
  year={2009}
}

@article{valukas2010report,
  title={Report of Anton R. Valukas, Examiner},
  author={United States Bankruptcy Court, Southern District of New York},
  journal={Lehman Brothers Holdings Inc., et al., Debtors},
  volume = {11},
  year={2010}
}

@article{flannery2010stabilizing,
  title={Stabilizing large financial institutions with contingent capital certificates},
  author={Flannery, Mark J},
  journal={CAREFIN Research Paper},
  number={04},
  year={2010}
}

@article{mcdonald2013contingent,
  title={Contingent capital with a dual price trigger},
  author={McDonald, Robert L},
  journal={Journal of Financial Stability},
  volume={9},
  number={2},
  pages={230--241},
  year={2013},
  publisher={Elsevier}
}

@article{calomiris2013design,
  title={How to Design a Contingent Convertible Debt Requirement That Helps Solve Our Too-Big-to-Fail Problem},
  author={Calomiris, Charles W and Herring, Richard J},
  journal={Journal of Applied Corporate Finance},
  volume={25},
  number={2},
  pages={39--62},
  year={2013},
  publisher={Wiley Online Library}
}

@article{basel2011press,
  title={Basel Committee issues final elements of the reforms to raise the quality of regulatory capital},
  author={{Basel Committee on Banking Supervision}},
  journal={Bank for International Settlements},
  year={2010}
}

@article{basel2010proposal,
  title={Proposal to ensure the loss absorbency of regulatory capital at the point of non-viability},
  author={{Basel Committee on Banking Supervision}},
  journal={Bank for International Settlements},
  year={2010}
}

@article{basel2010basel,
  title={Basel III: A global regulatory framework for more resilient banks and banking systems},
  author={{Basel Committee on Banking Supervision}},
  journal={Bank for International Settlements},
  year={2010}
}

@book{pazarbasioglu2011contingent,
  title={Contingent capital: economic rationale and design features},
  author={Pazarbasioglu, Ceyla and Zhou, Ms Jian-Ping and Le Lesle, Vanessa and Moore, Michael},
  year={2011},
  publisher={International Monetary Fund}
}

@inproceedings{haldane2011capital,
  title={Capital discipline},
  author={Haldane, Andrew G},
  booktitle={American Economic Association Meeting},
  volume={9},
  year={2011}
}

@article{flannery2009stabilizing,
  title={Stabilizing large financial institutions with contingent capital certificates},
  author={Flannery, Mark J},
  journal={Quarterly Journal of Finance},
  pages={1650006},
  year={2009},
  publisher={World Scientific}
}

@article{buergi2013pricing,
  title={Pricing contingent convertibles: a general framework for application in practice},
  author={Buergi, Markus PH},
  journal={Financial Markets and Portfolio Management},
  volume={27},
  number={1},
  pages={31--63},
  year={2013},
  publisher={Springer}
}

@article{hilscher2014bank,
  title={Bank stability and market discipline: The effect of contingent capital on risk taking and  fault probability},
  author={Hilscher, Jens and Raviv, Alon},
  journal={Journal of Corporate Finance},
  volume={29},
  pages={542--560},
  year={2014},
  publisher={Elsevier}
}

@article{sundaresan2015design,
  title={On the design of contingent capital with a market trigger},
  author={Sundaresan, Suresh and Wang, Zhenyu},
  journal={The Journal of Finance},
  volume={70},
  number={2},
  pages={881--920},
  year={2015},
  publisher={Wiley Online Library}
}

@article{henriques2011making,
  title={Making CoCos work: Structural and pricing considerations for contingent capital securities},
  author={Henriques, Roberto and Doctor, Saul},
  journal={European Credit Research, JP Morgan, February},
  volume={15},
  year={2011}
}

@article{albul2010contingent,
  title={Contingent convertible bonds and capital structure decisions},
  author={Albul, Boris and Jaffee, Dwight M and Tchistyi, Alexei},
  journal={Coleman Fung Risk Management Research Center},
  year={2010}
}

@article{glasserman2012contingent,
  title={Contingent capital with a capital-ratio trigger},
  author={Glasserman, Paul and Nouri, Behzad},
  journal={Management Science},
  volume={58},
  number={10},
  pages={1816--1833},
  year={2012},
  publisher={INFORMS}
}

@article{avdjiev2015coco,
  title={Coco bond issuance and bank funding costs},
  author={Avdjiev, Stefan and Bolton, Patrick and Jiang, Wei and Kartasheva, Anastasia and Bogdanova, Bilyana},
  journal={BIS and Columbia University working paper},
  year={2015}
}

@article{schmuddel2016,
  title={Vom Wunder- zum Schmuddelkind},
  author={Dietegen, Mueller},
  journal={B{\"o}rsen-Zeitung},
  volume={61},
  pages={13--14},
  year={2016},
}

@book{ait2009handbook,
  title={Handbook of Financial Econometrics, Vol 1: Tools and Techniques},
  author={A{\"\i}t-Sahalia, Yacine and Hansen, Lars Peter},
  volume={1},
  year={2009},
  publisher={Elsevier}
}

@article{cox1985theory,
  title={A theory of the term structure of interest rates},
  author={Cox, John C and Ingersoll Jr, Jonathan E and Ross, Stephen A},
  journal={Econometrica: Journal of the Econometric Society},
  pages={385--407},
  year={1985},
  publisher={JSTOR}
}

@article{adrian2010liquidity,
  title={Liquidity and leverage},
  author={Adrian, Tobias and Shin, Hyun Song},
  journal={Journal of Financial Intermediation},
  volume={19},
  number={3},
  pages={418--437},
  year={2010},
  publisher={Elsevier}
}

@article{duffie2001term,
  title={Term structures of credit spreads with incomplete accounting information},
  author={Duffie, Darrell and Lando, David},
  journal={Econometrica},
  volume={69},
  number={3},
  pages={633--664},
  year={2001},
  publisher={Wiley Online Library}
}

@article{merton1974pricing,
  title={On the pricing of corporate debt: The risk structure of interest rates},
  author={Merton, Robert C},
  journal={The Journal of Finance},
  volume={29},
  number={2},
  pages={449--470},
  year={1974},
  publisher={Wiley Online Library}
}

@article{rubinstein1991unscrambling,
  title={Unscrambling the binary code},
  author={Rubinstein, Mark and Reiner, Eric},
  journal={Risk Magazine},
  volume={4},
  number={9},
  pages={20},
  year={1991}
}

@book{hull2006options,
  title={Options, futures, and other derivatives},
  author={Hull, John C},
  year={2006},
  publisher={Pearson Education}
}

@article{merton1973theory,
  title={Theory of rational option pricing},
  author={Merton, Robert C},
  journal={The Bell Journal of economics and management science},
  pages={141--183},
  year={1973},
  publisher={JSTOR}
}

@article{jarrow1995pricing,
  title={Pricing derivatives on financial securities subject to credit risk},
  author={Jarrow, Robert A and Turnbull, Stuart M},
  journal={The Journal of Finance},
  volume={50},
  number={1},
  pages={53--85},
  year={1995},
  publisher={Wiley Online Library}
}

@article{duffie1999modeling,
  title={Modeling term structures of defaultable bonds},
  author={Duffie, Darrell and Singleton, Kenneth J},
  journal={Review of Financial studies},
  volume={12},
  number={4},
  pages={687--720},
  year={1999},
  publisher={Soc Financial Studies}
}

@techreport{su2009likely,
  title={How likely is it to hit a barrier? Theoretical and emperical estimates},
  author={Su, Lujing and Rieger, Marc Olivier},
  year={2009},
  institution={Technical Report Working Paper}
}

@misc{codestructrural,
 author = {Quantnet},
 title = {Translate GAUSS code to R code},
 url = {www.quantnet.com/threads/translate-gauss-code-to-r-code.7784/},
 lastchecked = {05.05.2016},
 originalyear = {20.10.2011},
 Year = {2011}
}

@misc{amazonrstudio,
 author = {Shekel, Liad},
 title = {Rstudio Server on Amazon EC2},
 url = {www.r-israel.com/wp-content/ uploads/2015/06/Rstudio-in-AWS-16_9.pdf},
 lastchecked = {14.06.2016},
 originalyear = {31.06.2015},
 Year = {2015}
}

@misc{lectureschmidt,
  Author = {Schmidt, Wolfgang},
  Institution = {Frankfurt School of Finance and Management},
  Howpublished = {Frankfurt School of Finance and Management},
  Year = {2015},
  Title = {Credit Risk, Default Models and Credit Derivatives}
}

@article{alvemar2012modelling,
  title={Modelling and Pricing Contingent Convertibles},
  author={Alvemar, Per and Ericson, Philip},
  journal={University of Gothenburg},
  year={2012}
}

@article{avdjiev2013cocos,
  title={CoCos: a primer},
  author={Avdjiev, Stefan and Kartasheva, Anastasia V and Bogdanova, Bilyana},
  journal={Available at SSRN 2326334},
  year={2013}
}

@book{bleich2014contingent,
  title={Contingent convertible bonds and the stability of bank funding: the case of partial writedown},
  author={Bleich, Dirk},
  number={28/2014},
  year={2014},
  publisher={Discussion Paper, Deutsche Bundesbank}
}

@article{veiteberg2012pricing,
  title={Pricing Contingent Convertible Capital: An Empirical Approach},
  author={Veiteberg, Vegard Gullaksen and Bysveen, Fredrik Toft and Rosef, B{\aa}rd Haugland},
  year={2012},
  publisher={Institutt for industriell {\o}konomi og teknologiledelse}
}

@article{corcuera2013pricing,
  title={Pricing of contingent convertibles under smile conform models},
  author={Corcuera, Jos{\'e} Manuel and De Spiegeleer, Jan and Ferreiro-Castilla, Albert and Kyprianou, Andreas E and Madan, Dilip B and Schoutens, Wim},
  journal={The Journal of Credit Risk},
  volume={9},
  number={3},
  pages={121},
  year={2013},
  publisher={Incisive Media Plc}
}

@article{corcuera2014close,
  title={Close form pricing formulas for Coupon Cancellable CoCos},
  author={Corcuera, Jos{\'e} Manuel and De Spiegeleer, Jan and Fajardo, Jos{\'e} and J{\"o}nsson, Henrik and Schoutens, Wim and Valdivia, Arturo},
  journal={Journal of Banking \& Finance},
  volume={42},
  pages={339--351},
  year={2014},
  publisher={Elsevier}
}

@book{de2011handbook,
  title={The handbook of convertible bonds: pricing, strategies and risk management},
  author={De Spiegeleer, Jan and Schoutens, Wim},
  volume={581},
  year={2011},
  publisher={John Wiley \& Sons}
}

@article{de2011pricing,
  title={Pricing contingent convertibles: a derivatives approach},
  author={De Spiegeleer, Jan and Schoutens, Wim},
  journal={Available at SSRN 1795092},
  year={2011}
}

@book{de2014handbook,
  title={The Handbook of Hybrid Securities: convertible bonds, coco bonds and bail-in},
  author={De Spiegeleer, Jan and Schoutens, Wim and Van Hulle, Cynthia},
  year={2014},
  publisher={John Wiley \& Sons}
}

@book{duffie2003credit,   
title={Credit risk  pricing, measurement, and management},   
author={Duffie, Darrell and Singleton, Kenneth J},   
year={2003},   
publisher={Princeton University Press} 
}

@article{zahres2011contingent,
  title={Contingent Convertibles: Bank bonds take on a new look},
  author={Z{\"a}hres, Meta},
  journal={Deutsche Bank Research, Financial Market Special, EU Monitor},
  volume={79},
  year={2011}
}

@phdthesis{erismann2011analytical,
  title={Analytical propositions to evaluate contingent convertible capital},
  author={Erismann, Marc},
  year={2011},
  school={Master’s thesis, University of St. Gallen}
}

@phdthesis{erismann2015pricing,
  title={Pricing Contingent Convertible Capital-A Theoretical and Empirical Analysis of Selected Pricing Models},
  author={Erismann, Marc},
  year={2015},
  school={University of St. Gallen}
}

@article{pitt2011contingent,
  title={Contingent capital Possibilities, problems and opportunities},
  author={Pitt, Louise and Hindlian, Amanda and Lawson, Sandra and Himmelberg, Charles P},
  journal={Global Markets Institute, Goldman Sachs},
  year={2011}
}

@TechReport{pennacchi2010structural,
  author={George Pennacchi},
  title={{A structural model of contingent bank capital}},
  year=2010,
  institution={Federal Reserve Bank of Cleveland},
  type={Working Paper},
  url={https://ideas.repec.org/p/fip/fedcwp/1004.html},
  number={1004}
}

@phdthesis{rudlinger2015contingent,
  title={Contingent Convertible Bonds: An Empirical Analysis of Drivers and Announcement Effect},
  author={R{\"u}dlinger, Marc},
  year={2015},
  school={University of St. Gallen}
}

@techreport{maes2010contingent,
  title={Contingent Capital: An In-Depth Discussion. Katholieke Universiteit Leuven},
  author={Maes, Konstantijn and Schoutens, Wim},
  year={2010},
  institution={August 2}
}

@article{madan2011conic,
  title={Conic coconuts: the pricing of contingent capital notes using conic finance},
  author={Madan, Dilip B and Schoutens, Wim},
  journal={Mathematics and Financial Economics},
  volume={4},
  number={2},
  pages={87--106},
  year={2011},
  publisher={Springer}
}

@article{wilkens2014contingent,
  title={Contingent convertible (CoCo) bonds: A first empirical assessment of selected pricing models},
  author={Wilkens, Sascha and Bethke, Nastja},
  journal={Financial Analysts Journal},
  volume={70},
  number={2},
  pages={59--77},
  year={2014},
  publisher={CFA Institute}
}

@book{lando2009credit,
  title={Credit risk modeling: theory and applications},
  author={Lando, David},
  year={2009},
  publisher={Princeton University Press}
}